% na pocetku su sabloni za razlicite tipove dokumenata
% mogu se obrisati ako ne prolaze kompilaciju

% poslednje tri reference su od Milene

% dve ili tri reference su u radnom obliku (bice doterane)

% treba odluciti gde ih citirati u tekstu...

@book{SifBook,
  author = "",
  title = "",
  publisher = "",
  volume = "",
  address = {London},
  year = "XXXX",
  isbn={9781848822405},
  url={http://books.google.rs/books?id=5hFnaDQ1jiAC}
}

@article{SifArticle,
  author = "",
  title = "",
  journal = "",
  year = "XXXX"
}

@mastersthesis{SifMasterThesis,
  author = "",
  title = "",
  school = "",
  type = "master diploma thesis",
  year = "XXXX",
}

@phdhesis{SifPhdThesis,
  author = "",
  title = "",
  school = "",
  type = "phd thesis",
  year = "XXXX"
}

@misc{SifMisc,
  author = "",
  title = "",
  howpublished = "",
  year = "XXXX",
  month = "",
  note = ""
}

@conference{SifConference,
  author = "",
  title = "",
  booktitle = "",
  editor = "",
  volume = "",
  number = "",
  series = "",
  pages = "",
  address = "",
  year = "XXXX",
  month = "",
  publisher= "",
  note = ""
}

 
@mastersthesis{Rei12,
  author = "Nico Reißmann",
  title = "Utilizing the Value State Dependence Graph for Haskell",
  school = "University of Gothenburg, Chalmers University of Technology",
  type = "master diploma thesis",
  address = "Göteborg, Sweden",
  year = "2012",
  month = "Maj",
  note = ""
}
 
@misc{GHC13,
  author = {Takenobu T.},
  title = {GHC(STG,Cmm,asm) illustrated\\for hardware persons},
  year = {2013},
  note = {on-line at: \url{http://gcc.gnu.org/}}
}

@book{Has10,
  author = "Simon Marlow (editor)",
  title = "Haskell 2010 Language Report",
  publisher = "Haskell community",
  volume = "",
  number = "",
  series = "",
  address = "Cambridge",
  edition = "",
  year = "2010",
  month = "April",
  note = ""
}

@techreport{SifTechReport,
  author = "",
  title = "",
  institution = "",
  type = "",
  number = "",
  address = "",
  year = "XXXX",
  month = "",
  note = ""
}

@article{Int13,
  author = "Hai Liu and Neal Glew and Leaf Petersen and Todd A. Anderson",
  title = "The Intel Labs Haskell Research Compiler",
  journal = "ACM",
  volume = " 978-1-4503-2383-3/13/09.",
  number = "",
  pages = "105-116",
  year = "2013",
  month = "Septembar",
  note = ""
}

@article{SPJ92,
  author = "Simon L Peyton Jones",
  title = "Implementing lazy functional languages on stock hardware:
the Spineless Tagless G-machine",
  journal = "Journal of Functional Programming",
  volume = "2",
  number = "",
  pages = "127-202",
  year = "1992",
  month = "Septembar",
  note = ""
}

@article{Ter10,
  author = "David A. Terei and Manuel M. T. Chakravarty",
  title = "An LLVM Backend for GHC",
  journal = "University of New South Wales",
  volume = "",
  number = "",
  pages = "",
  year = "2010",
  month = "Septembar",
  note = ""
}

@techreport{C--05,
 author = "Norman Ramsey and Simon Peyton Jones and Christian Lindig",
 title = "The C-- Language Specification, Version 2.0, ( CVS Revision 1.128 ) ",
 institution = "Cminusminus",
 type = "",
 number = "",
 address = "",
 year = "2005",
 month = "Februar",
 note = {on-line at: \url{http://www.cminusminus.org}}
}

@misc{Mut13,
  author = {Rahul Muttineni},
  title = {Haskell on the JVM with Eta},
  year = {2013},
  note = {on-line at: \url{http://www.stanford.edu/}}
}

@misc{Mut1313,
  author = {Rahul Muttineni},
  title = {LLVM Project Blog},
  note = {teza - pogledati referencu on-line at: \url{http://www.stanford.edu/}},
  year = {2010},
  month = "Maj"
}

@misc{Bha13,
  author = {Siddharth Bhat},
  title = {Simplexhc - a STG to LLVM compiler},
  note = {teza - pogledati referencu on-line at: \url{http://www.stanford.edu/}},
  year = {2010},
  month = "Maj"
}

@misc{GHCxx,
  title = {The Glasgow Haskell, Current Status},
  author = {},
  year = {},
  month = "",
  note = {}
}

@mastersthesis{She08,
  author = "jeremy w. sherman",
  title = "COMPILING IMPERATIVE AND FUNCTIONAL LANGUAGES",
  school = "New College of Florida, Sarasota",
  type = "master diploma thesis",
  address = "",
  year = "2008",
  month = "Maj",
  note = ""
}

@misc{Ler02,
  author = {Xavier Leroy},
  title = {Compiling functional languages},
  year = {2002},
  month = "Mart",
  note = {Spring school “Semantics of programming languages”}
}

@misc{Ler0202,
  author = {},
  title = {I know kung fu: learning STG by example},
  year = {},
  month = "",
  note = {https://ghc.haskell.org/trac/ghc/wiki/Commentary/Compiler/GeneratedCode}
}

@misc{Doe14,
  author = {Dan Doel},
  title = {Introduction to Low Level Haskell Optimization},
  year = {2014},
  month = "Septembar",
  note = {https://ghc.haskell.org/trac/ghc/wiki/Commentary/Compiler/GeneratedCode}
}

@article{Dij08,
  author = "Atze Dijkstra and Jeroen Fokker, and S. Doaitse Swierstra",
  title = "The Structure of the Essential Haskell Compiler, 
  or Coping with Compiler Complexity",
  journal = "University of New South Wales",
  publisher = "Springer-Verlag Berlin Heidelberg",
  volume = "",
  number = "",
  pages = "57-74",
  year = "2008",
  month = "",
  note = ""
}

@book{laski2009software,
  title={{Software Verification and Analysis}},
  author={Laski, J. and Stanley, W.},
  isbn={9781848822405},
  url={http://books.google.rs/books?id=5hFnaDQ1jiAC},
  year={2009},
  publisher={Springer-Verlag},
  address = {London}
}

@misc{gcc,
title = {{GNU gcc}},
note = {on-line at: \url{http://gcc.gnu.org/}},
    author = {Free Software Foundation},
    year = {2013}
}

@article{haltingproblem,
    author = {Turing, A. M.},
    citeulike-article-id = {155758},
    journal = {Proceedings of the London Mathematical Society},
    keywords = {computability, entscheidungsproblem, turing},
    number = {42},
    pages = {230--265},
    posted-at = {2005-04-08 18:11:59},
    priority = {0},
    title = {{On Computable Numbers, with an application to the Entscheidungsproblem}},
    volume = {2},
    year = {1936}
}
